@incollection{song2012sparselet,
  title={Sparselet models for efficient multiclass object detection},
  author={Song, Hyun Oh and Zickler, Stefan and Althoff, Tim and Girshick, Ross and Fritz, Mario and Geyer, Christopher and Felzenszwalb, Pedro and Darrell, Trevor},
  booktitle={Computer Vision--ECCV 2012},
  pages={802--815},
  year={2012},
  publisher={Springer}
}

@inproceedings{mairal2009online,
  title={Online dictionary learning for sparse coding},
  author={Mairal, Julien and Bach, Francis and Ponce, Jean and Sapiro, Guillermo},
  booktitle={Proceedings of the 26th Annual International Conference on Machine Learning},
  pages={689--696},
  year={2009},
  organization={ACM}
}

@misc{pascal-voc-2012,
	author = "Everingham, M. and Van~Gool, L. and Williams, C. K. I. and Winn, J. and Zisserman, A.",
	title = "The {PASCAL} {V}isual {O}bject {C}lasses {C}hallenge 2012 {(VOC2012)} {R}esults",
	howpublished = "http://www.pascal-network.org/challenges/VOC/voc2012/workshop/index.html"}	
	
@misc{ILSVRCarxiv14,
Author = {Olga Russakovsky and Jia Deng and Hao Su and Jonathan Krause and Sanjeev Satheesh and Sean Ma and Zhiheng Huang and Andrej Karpathy and Aditya Khosla and Michael Bernstein and Alexander C. Berg and Li Fei-Fei},
Title = {ImageNet Large Scale Visual Recognition Challenge},
Year = {2014},
Eprint = {arXiv:1409.0575},
}

@inproceedings{xiao2010sun,
  title={Sun database: Large-scale scene recognition from abbey to zoo},
  author={Xiao, Jianxiong and Hays, James and Ehinger, Krista A and Oliva, Aude and Torralba, Antonio},
  booktitle={Computer vision and pattern recognition (CVPR), 2010 IEEE conference on},
  pages={3485--3492},
  year={2010},
  organization={IEEE}
}

@misc{voc-release5,
 author = "Girshick, R. B. and Felzenszwalb, P. F. and McAllester, D.",
 title = "Discriminatively Trained Deformable Part Models, Release 5",
 howpublished = "http://people.cs.uchicago.edu/~rbg/latent-release5/"}

@article{lsvm-pami,
  title = "Object Detection with Discriminatively Trained Part Based Models",
  author = "Felzenszwalb, P. F. and Girshick, R. B. and McAllester, D. and Ramanan, D.",
  journal = "IEEE Transactions on Pattern Analysis and Machine Intelligence",
  year = "2010", volume = "32", number = "9", pages = "1627--1645"}
  
@inproceedings{viola2001rapid,
  title={Rapid object detection using a boosted cascade of simple features},
  author={Viola, Paul and Jones, Michael},
  booktitle={Computer Vision and Pattern Recognition, 2001. CVPR 2001. Proceedings of the 2001 IEEE Computer Society Conference on},
  volume={1},
  pages={I--511},
  year={2001},
  organization={IEEE}
}

@inproceedings{felzenszwalb2010cascade,
  title={Cascade object detection with deformable part models},
  author={Felzenszwalb, Pedro F and Girshick, Ross B and McAllester, David},
  booktitle={Computer vision and pattern recognition (CVPR), 2010 IEEE conference on},
  pages={2241--2248},
  year={2010},
  organization={IEEE}
}

@inproceedings{pedersoli2011coarse,
  title={A coarse-to-fine approach for fast deformable object detection},
  author={Pedersoli, Marco and Vedaldi, Andrea and Gonzalez, Jordi},
  booktitle={Computer Vision and Pattern Recognition (CVPR), 2011 IEEE Conference on},
  pages={1353--1360},
  year={2011},
  organization={IEEE}
}

@inproceedings{van2011segmentation,
  title={Segmentation as selective search for object recognition},
  author={Van de Sande, Koen EA and Uijlings, Jasper RR and Gevers, Theo and Smeulders, Arnold WM},
  booktitle={Computer Vision (ICCV), 2011 IEEE International Conference on},
  pages={1879--1886},
  year={2011},
  organization={IEEE}
}

@inproceedings{vedaldi2009multiple,
  title={Multiple kernels for object detection},
  author={Vedaldi, Andrea and Gulshan, Varun and Varma, Manik and Zisserman, Andrew},
  booktitle={Computer Vision, 2009 IEEE 12th International Conference on},
  pages={606--613},
  year={2009},
  organization={IEEE}
}

@inproceedings{alexe2010object,
  title={What is an object?},
  author={Alexe, Bogdan and Deselaers, Thomas and Ferrari, Vittorio},
  booktitle={Computer Vision and Pattern Recognition (CVPR), 2010 IEEE Conference on},
  pages={73--80},
  year={2010},
  organization={IEEE}
}

@incollection{rahtu2010segmenting,
  title={Segmenting salient objects from images and videos},
  author={Rahtu, Esa and Kannala, Juho and Salo, Mikko and Heikkil{\"a}, Janne},
  booktitle={Computer Vision--ECCV 2010},
  pages={366--379},
  year={2010},
  publisher={Springer}
}

@article{uijlings2013selective,
  title={Selective search for object recognition},
  author={Uijlings, Jasper RR and van de Sande, Koen EA and Gevers, Theo and Smeulders, Arnold WM},
  journal={International journal of computer vision},
  volume={104},
  number={2},
  pages={154--171},
  year={2013},
  publisher={Springer}
}

@inproceedings{dean2013fast,
  title={Fast, accurate detection of 100,000 object classes on a single machine},
  author={Dean, Thomas and Ruzon, Mark A and Segal, Mark and Shlens, Jonathon and Vijayanarasimhan, Sudheendra and Yagnik, Jay},
  booktitle={Computer Vision and Pattern Recognition (CVPR), 2013 IEEE Conference on},
  pages={1814--1821},
  year={2013},
  organization={IEEE}
}

@inproceedings{pirsiavash2012steerable,
  title={Steerable part models},
  author={Pirsiavash, Hamed and Ramanan, Deva},
  booktitle={Computer Vision and Pattern Recognition (CVPR), 2012 IEEE Conference on},
  pages={3226--3233},
  year={2012},
  organization={IEEE}
}

@inproceedings{chen2013efficient,
  title={Efficient maximum appearance search for large-scale object detection},
  author={Chen, Qiang and Song, Zheng and Feris, Rogerio and Datta, Ankur and Cao, Liangliang and Huang, Zhongyang and Yan, Shuicheng},
  booktitle={Computer Vision and Pattern Recognition (CVPR), 2013 IEEE Conference on},
  pages={3190--3197},
  year={2013},
  organization={IEEE}
}

@inproceedings{torralba2004sharing,
  title={Sharing features: efficient boosting procedures for multiclass object detection},
  author={Torralba, Antonio and Murphy, Kevin P and Freeman, William T},
  booktitle={Computer Vision and Pattern Recognition, 2004. CVPR 2004. Proceedings of the 2004 IEEE Computer Society Conference on},
  volume={2},
  pages={II--762},
  year={2004},
  organization={IEEE}
}

@incollection{murphy2006object,
  title={Object detection and localization using local and global features},
  author={Murphy, Kevin and Torralba, Antonio and Eaton, Daniel and Freeman, William},
  booktitle={Toward Category-Level Object Recognition},
  pages={382--400},
  year={2006},
  publisher={Springer}
}

@article{mairal2010online,
  title={Online learning for matrix factorization and sparse coding},
  author={Mairal, Julien and Bach, Francis and Ponce, Jean and Sapiro, Guillermo},
  journal={The Journal of Machine Learning Research},
  volume={11},
  pages={19--60},
  year={2010},
  publisher={JMLR. org}
}

@article{efron2004least,
  title={Least angle regression},
  author={Efron, Bradley and Hastie, Trevor and Johnstone, Iain and Tibshirani, Robert and others},
  journal={The Annals of statistics},
  volume={32},
  number={2},
  pages={407--499},
  year={2004},
  publisher={Institute of Mathematical Statistics}
}

@article{mallat1993matching,
  title={Matching pursuits with time-frequency dictionaries},
  author={Mallat, St{\'e}phane G and Zhang, Zhifeng},
  journal={Signal Processing, IEEE Transactions on},
  volume={41},
  number={12},
  pages={3397--3415},
  year={1993},
  publisher={IEEE}
}

@inproceedings{song2013discriminatively,
  title={Discriminatively activated sparselets},
  author={Song, Hyun O and Darrell, Trevor and Girshick, Ross B},
  booktitle={Proceedings of the 30th International Conference on Machine Learning (ICML-13)},
  pages={196--204},
  year={2013}
}